@INPROCEEDINGS{test,
			 author={Corter, J.E. and Nickerson, J.V. and Esche, S.K. and Chassapis, C.},
 			 booktitle={Frontiers in Education, 2004. FIE 2004. 34th Annual},
			 title={Remote versus hands-on labs: a comparative study},
			 year={2004},
			 month={oct.},
			 volume={},
			 number={},
			 pages={ F1G - 17-21 Vol. 2},
			 keywords={ Internet; cognitive style; educational effectiveness; machine
					   dynamics; mechanical engineering course; physical experience;
					   preliminary assessment study; remote laboratory; user interfaces;
					   computer based training; educational courses; engineering education;
					   laboratory techniques; mechanical engineering; student experiments;},
			 doi={10.1109/FIE.2004.1408586},
			 ISSN={0190-5848},}
